@article{RefWorks:dirac1925fundamental,
	author={Paul Adrien Maurice Dirac},
	year={1925},
	title={The fundamental equations of quantum mechanics},
	journal={Proceedings of the Royal Society of London.Series A, Containing Papers of a Mathematical and Physical Character},
	volume={109},
	number={752},
	pages={642-653}
}
@article{RefWorks:dirac1928quantum,
	author={PAM Dirac},
	year={1928},
	month=FEB,
	title={The quantum theory of the electron},
	journal={Proceedings of the Royal Society of London Series A-Containing Papers of a Mathematical and Physical Character},
	volume={117},
	number={778},
	pages={610-624},
	note={PT: J; UT: WOS:000202787400007},
	isbn={0950-1207},
	doi={10.1098/rspa.1928.0023}
}
@article{RefWorks:dirac1931quantised,
	author={PAM Dirac},
	year={1931},
	month=SEP,
	title={Quantised singularities in the electromagnetic field},
	journal={Proceedings of the Royal Society of London Series A-Containing Papers of a Mathematical and Physical Character},
	volume={133},
	number={821},
	pages={60-72},
	note={PT: J; UT: WOS:000202772900003},
	isbn={0950-1207},
	doi={10.1098/rspa.1931.0130}
}
@book{RefWorks:dirac1958principles,
	author={Paul Adrien Maurice Dirac},
	year={1958},
	title={The principles of quantum mechanics},
	publisher={Clarendon Press},
	address={Oxford, UK},
	edition={4th ed. revised},
	pages={312 p. ; 24 cm.},
	isbn={9780198520115; 0198520115},
	language={English},
	url={https://ehu.on.worldcat.org/oclc/981320020}
}
@article{RefWorks:heisenberg1925quantum-theoretical,
	author={W. Heisenberg},
	year={1925},
	title={Quantum-theoretical reinterpretation of kinematic and mechanical connections},
	journal={Zeitschrift Fur Physik},
	volume={33},
	pages={879-893},
	note={PT: J; UT: WOS:000201795400088},
	isbn={0044-3328},
	doi={10.1007/BF01328377}
}
@article{RefWorks:bohr1913i,
	author={N. Bohr},
	year={1913},
	title={I. On the constitution of atoms and molecules},
	journal={The London, Edinburgh, and Dublin Philosophical Magazine and Journal of Science},
	volume={26},
	number={151},
	pages={1-25},
	note={doi: 10.1080/14786441308634955},
	isbn={1941-5982},
	url={https://doi.org/10.1080/14786441308634955},
	doi={10.1080/14786441308634955}
}
@article{RefWorks:dirac1926quantum,
	author={Dirac, P. A. M. (Paul Adrian Maurice)},
	year={1926},
	title={Quantum mechanics},
	note={PT: J; UT: PQDT:66641175}
}
@book{RefWorks:farmelo2009strangest,
	author={Graham Farmelo},
	year={2009},
	title={The strangest man : the hidden life of Paul Dirac, quantum genius},
	publisher={Faber and Faber},
	address={London},
	pages={539 p. ; 24 cm},
	isbn={9780571222865; 0571222862},
	language={English},
	url={https://ehu.on.worldcat.org/oclc/934309490}
}
@article{dirac1958theory,
  title={The theory of gravitation in Hamiltonian form},
  author={Dirac, Paul Adrien Maurice},
  journal={Proceedings of the Royal Society of London. Series A. Mathematical and Physical Sciences},
  volume={246},
  number={1246},
  pages={333--343},
  year={1958},
  publisher={The Royal Society London}
}